% Encoding: UTF-8
@article{eder2016hypervisor,
  title={Hypervisor-vs. container-based virtualization},
  author={Eder, Michael},
  journal={Future Internet (FI) and Innovative Internet Technologies and Mobile Communications (IITM)},
  volume={1},
  year={2016}
}
@article{silva2018cont,
author = {Silva, Vitor and Kirikova, Marite and Alksnis, Gundars},
year = {2018},
month = {05},
pages = {21-27},
title = {Containers for Virtualization: An Overview},
volume = {23},
journal = {Applied Computer Systems},
doi = {10.2478/acss-2018-0003}
}
@article{truyen2019comprehensive,
  title={A comprehensive feature comparison study of open-source container orchestration frameworks},
  author={Truyen, Eddy and Van Landuyt, Dimitri and Preuveneers, Davy and Lagaisse, Bert and Joosen, Wouter},
  journal={Applied Sciences},
  volume={9},
  number={5},
  pages={931},
  year={2019},
  publisher={Multidisciplinary Digital Publishing Institute}
}
@Comment{jabref-meta: databaseType:biblatex;}
